@inproceedings{chen2016performance,
  title={Performance evaluation of IoT protocols under a constrained wireless access network},
  author={Chen, Yuang and Kunz, Thomas},
  booktitle={Selected Topics in Mobile \& Wireless Networking (MoWNeT), 2016 International Conference on},
  pages={1--7},
  year={2016},
  organization={IEEE}
}

@inproceedings{deCaro2013comparison,
  title={Comparison of two lightweight protocols for smartphone-based sensing},
  author={De Caro, Niccol{\`o} and Colitti, Walter and Steenhaut, Kris and Mangino, Giuseppe and Reali, Gianluca},
  booktitle={Communications and Vehicular Technology in the Benelux (SCVT), 2013 IEEE 20th Symposium on},
  pages={1--6},
  year={2013},
  organization={IEEE}
}

@inproceedings{bandyopadhyay2013lightweight,
  title={Lightweight Internet protocols for web enablement of sensors using constrained gateway devices},
  author={Bandyopadhyay, Soma and Bhattacharyya, Abhijan},
  booktitle={Computing, Networking and Communications (ICNC), 2013 International Conference on},
  pages={334--340},
  year={2013},
  organization={IEEE}
}

@inproceedings{thangavel2014commonMiddleware,
  title={Performance evaluation of MQTT and CoAP via a common middleware},
  author={Thangavel, Dinesh and Ma, Xiaoping and Valera, Alvin and Tan, Hwee-Xian and Tan, Colin Keng-Yan},
  booktitle={Intelligent Sensors, Sensor Networks and Information Processing (ISSNIP), 2014 IEEE Ninth International Conference on},
  pages={1--6},
  year={2014},
  organization={IEEE}
}

@inproceedings{gloria2017comparison,
  title={Comparison of communication protocols for low cost Internet of Things devices},
  author={Gl{\'o}ria, Andr{\'e} and Cercas, Francisco and Souto, Nuno},
  booktitle={Design Automation, Computer Engineering, Computer Networks and Social Media Conference (SEEDA-CECNSM), 2017 South Eastern European},
  pages={1--6},
  year={2017},
  organization={IEEE}
}

@misc{url_lueth2018_7BiIoT,
  author = {Knud Lasse Lueth},
  title = {State of the IoT 2018: Number of IoT devices now at 7B â€“ Market accelerating},
  howpublished = "\url{https://iot-analytics.com/state-of-the-iot-update-q1-q2-2018-number-of-iot-devices-now-7b/}",
  year = {2018}, 
  note = "[Online; Acesso em: 07 de Novembro de 2018]"
}

@article{artigo_santos2016_IoTDaTeoriaAPratica,
  title={Internet das coisas: da teoriaa pr{\'a}tica},
  author={Santos, Bruno P and Silva, LA and Celes, CS and Borges, Jo{\~a}o B and Neto, Bruna S Peres and Vieira, Marcos Augusto M and Vieira, Luiz Filipe M and Goussevskaia, Olga N and Loureiro, AA},
  journal={Minicursos SBRC-Simp{\'o}sio Brasileiro de Redes de Computadores e Sistemas Distribu{\i}dos},
  year={2016}
}

@article{artigo_mancini2017_iotAplicacoes,
  title={Internet das Coisas: Hist{\'o}ria, conceitos, aplica{\c{c}}{\~o}es e desafios},
  author={MANCINI, M{\^o}nica},
  journal={PMI Cap{\'\i}tulo S{\~a}o Paulo, S{\~a}o Paulo},
  pages={4--5},
  year={2017}
}

@article{livro_hohpe2003_enterpriseIntegrationPattern,
  title={Enterprise integration patterns},
  author={Hohpe, Gregor and Woolf, Bobby and others},
  year={2003},
  publisher={Addison-Wesley Reading}
}

@misc{url_mozilla2018_httpOverview,
  author = {Mozilla Foundation},
  title = {An overview of HTTP},
  howpublished = "\url{https://developer.mozilla.org/en-US/docs/Web/HTTP/Overview}",
  year = {2018}, 
  note = "[Online; Acesso em: 22 de Novembro de 2018]"
}

@misc{url_stomp2018_stompSpecification,
  author = {},
  title = {STOMP Protocol Specification, Version 1.2},
  howpublished = "\url{https://stomp.github.io/stomp-specification-1.2.html}",
  year = {2018}, 
  note = "[Online; Acesso em: 10 de Dezembro de 2018]"
}